@online{cpp-module-1,
  author = {Lancern},
  title  = {Modules},
  year   = {2021},
  url    = {https://zhuanlan.zhihu.com/p/373457208}
}
@online{cpp-module-2,
  author = {孙孟越},
  title  = {C++20 新特性: modules 及实现现状},
  year   = {2021},
  url    = {https://zhuanlan.zhihu.com/p/350136757}
}
@online{cpp-module-3,
  author = {马建亭},
  title  = {技术干货｜C++20 四大特性之一：Module 特性详解},
  year   = {2021},
  url    = {https://baijiahao.baidu.com/s?id=1709574258971326178}
}
